% This file was created with JabRef 2.10.
% Encoding: ISO8859_1


@InProceedings{AlcarazMaestre:2012vp,
  Title                    = {{The SM and NLO Multileg and SM MC Working Groups:
 Summary Report}},
  Author                   = {Alcaraz Maestre, J. and others},
  Booktitle                = {{Proceedings, 7th Les Houches Workshop on Physics at TeV
 Colliders}},
  Year                     = {2012},
  Pages                    = {1-220},

  Archiveprefix            = {arXiv},
  Collaboration            = {SM MC Working Group, SM and NLO MULTILEG Working Group},
  Eprint                   = {1203.6803},
  Primaryclass             = {hep-ph},
  Reportnumber             = {FERMILAB-PUB-12-885-CD},
  Slaccitation             = {%%CITATION = ARXIV:1203.6803;%%},
  Url                      = {http://inspirehep.net/record/1095506/files/arXiv:1203.6803.pdf}
}
@article{Sjostrand:2004ef,
      author         = "Sj{\"o}strand, T. and Skands, Peter Z.",
      title          = "{Transverse-momentum-ordered showers and interleaved
                        multiple interactions}",
      journal        = "Eur. Phys. J.",
      volume         = "C39",
      year           = "2005",
      pages          = "129-154",
      doi            = "10.1140/epjc/s2004-02084-y",
      eprint         = "hep-ph/0408302",
      archivePrefix  = "arXiv",
      primaryClass   = "hep-ph",
      reportNumber   = "LU-TP-04-29",
      SLACcitation   = "%%CITATION = HEP-PH/0408302;%%"
}

@article{Sjostrand:2007gs,
      author         = "Sj{\"o}strand, Torbj{\"o}rn and Mrenna, Stephen and Skands, Peter
                        Z.",
      title          = "{A Brief Introduction to PYTHIA 8.1}",
      journal        = "Comput. Phys. Commun.",
      volume         = "178",
      year           = "2008",
      pages          = "852-867",
      doi            = "10.1016/j.cpc.2008.01.036",
      eprint         = "0710.3820",
      archivePrefix  = "arXiv",
      primaryClass   = "hep-ph",
      reportNumber   = "CERN-LCGAPP-2007-04, LU-TP-07-28,
                        FERMILAB-PUB-07-512-CD-T",
      SLACcitation   = "%%CITATION = ARXIV:0710.3820;%%"
}


@article{Sjostrand:2014zea,
      author         = "Sj{\"o}strand, Torbj{\"o}rn and Ask, Stefan and Christiansen,
                        Jesper R. and Corke, Richard and Desai, Nishita and Ilten,
                        Philip and Mrenna, Stephen and Prestel, Stefan and
                        Rasmussen, Christine O. and Skands, Peter Z.",
      title          = "{An Introduction to PYTHIA 8.2}",
      journal        = "Comput. Phys. Commun.",
      volume         = "191",
      year           = "2015",
      pages          = "159-177",
      doi            = "10.1016/j.cpc.2015.01.024",
      eprint         = "1410.3012",
      archivePrefix  = "arXiv",
      primaryClass   = "hep-ph",
      reportNumber   = "LU-TP-14-36, MCNET-14-22, CERN-PH-TH-2014-190,
                        FERMILAB-PUB-14-316-CD, DESY-14-178, SLAC-PUB-16122",
      SLACcitation   = "%%CITATION = ARXIV:1410.3012;%%"
}

@article{Christiansen:2014kba,
      author         = "Christiansen, Jesper Roy and Sj{\"o}strand, Torbj{\"o}rn",
      title          = "{Weak Gauge Boson Radiation in Parton Showers}",
      journal        = "JHEP",
      volume         = "04",
      year           = "2014",
      pages          = "115",
      doi            = "10.1007/JHEP04(2014)115",
      eprint         = "1401.5238",
      archivePrefix  = "arXiv",
      primaryClass   = "hep-ph",
      reportNumber   = "LU-TP-14-02, MCNET-14-01",
      SLACcitation   = "%%CITATION = ARXIV:1401.5238;%%"
}

@article{Norrbin:2000uu,
      author         = "Norrbin, E. and Sj{\"o}strand, T.",
      title          = "{QCD radiation off heavy particles}",
      journal        = "Nucl. Phys.",
      volume         = "B603",
      year           = "2001",
      pages          = "297-342",
      doi            = "10.1016/S0550-3213(01)00099-2",
      eprint         = "hep-ph/0010012",
      archivePrefix  = "arXiv",
      primaryClass   = "hep-ph",
      reportNumber   = "LU-TP-00-42",
      SLACcitation   = "%%CITATION = HEP-PH/0010012;%%"
}

@article{Gleisberg:2008ta,
      author         = "Gleisberg, T. and H{\"o}che, Stefan. and Krauss, F. and
                        Sch{\"o}nherr, M. and Schumann, S. and Siegert, F. and Winter,
                        J.",
      title          = "{Event generation with SHERPA 1.1}",
      journal        = "JHEP",
      volume         = "02",
      year           = "2009",
      pages          = "007",
      doi            = "10.1088/1126-6708/2009/02/007",
      eprint         = "0811.4622",
      archivePrefix  = "arXiv",
      primaryClass   = "hep-ph",
      reportNumber   = "FERMILAB-PUB-08-477-T, SLAC-PUB-13420, ZU-TH-17-08,
                        DCPT-08-138, IPPP-08-69, EDINBURGH-2008-30, MCNET-08-14",
      SLACcitation   = "%%CITATION = ARXIV:0811.4622;%%"
}

@article{Schumann:2007mg,
      author         = "Schumann, Steffen and Krauss, Frank",
      title          = "{A Parton shower algorithm based on Catani-Seymour dipole
                        factorisation}",
      journal        = "JHEP",
      volume         = "03",
      year           = "2008",
      pages          = "038",
      doi            = "10.1088/1126-6708/2008/03/038",
      eprint         = "0709.1027",
      archivePrefix  = "arXiv",
      primaryClass   = "hep-ph",
      reportNumber   = "DCPT-07-86, IPPP-07-43",
      SLACcitation   = "%%CITATION = ARXIV:0709.1027;%%"
}

@article{Hoche:2015sya,
      author         = "H{\"o}che, Stefan and Prestel, Stefan",
      title          = "{The midpoint between dipole and parton showers}",
      journal        = "Eur. Phys. J.",
      volume         = "C75",
      year           = "2015",
      number         = "9",
      pages          = "461",
      doi            = "10.1140/epjc/s10052-015-3684-2",
      eprint         = "1506.05057",
      archivePrefix  = "arXiv",
      primaryClass   = "hep-ph",
      reportNumber   = "SLAC-PUB-16304, MCNET-15-13",
      SLACcitation   = "%%CITATION = ARXIV:1506.05057;%%"
}

@article{Catani:1996vz,
      author         = "Catani, S. and Seymour, M. H.",
      title          = "{A General algorithm for calculating jet cross-sections
                        in NLO QCD}",
      journal        = "Nucl. Phys.",
      volume         = "B485",
      year           = "1997",
      pages          = "291-419",
      doi            = "10.1016/S0550-3213(96)00589-5",
      note           = "[Erratum: Nucl. Phys.B510,503(1998)]",
      eprint         = "hep-ph/9605323",
      archivePrefix  = "arXiv",
      primaryClass   = "hep-ph",
      reportNumber   = "CERN-TH-96-029, CERN-TH-96-29",
      SLACcitation   = "%%CITATION = HEP-PH/9605323;%%"
}

@article{Catani:2002hc,
      author         = "Catani, Stefano and Dittmaier, Stefan and Seymour,
                        Michael H. and Trocsanyi, Zoltan",
      title          = "{The Dipole formalism for next-to-leading order QCD
                        calculations with massive partons}",
      journal        = "Nucl. Phys.",
      volume         = "B627",
      year           = "2002",
      pages          = "189-265",
      doi            = "10.1016/S0550-3213(02)00098-6",
      eprint         = "hep-ph/0201036",
      archivePrefix  = "arXiv",
      primaryClass   = "hep-ph",
      reportNumber   = "CERN-TH-2001-305, DESY-01-099",
      SLACcitation   = "%%CITATION = HEP-PH/0201036;%%"
}

@article{ants,
      author         = "Zapp, Korinna",
      journal        = "under development",
}

@article{Winter:2007ye,
      author         = "Winter, Jan-Christopher and Krauss, Frank",
      title          = "{Initial-state showering based on colour dipoles
                        connected to incoming parton lines}",
      journal        = "JHEP",
      volume         = "07",
      year           = "2008",
      pages          = "040",
      doi            = "10.1088/1126-6708/2008/07/040",
      eprint         = "0712.3913",
      archivePrefix  = "arXiv",
      primaryClass   = "hep-ph",
      reportNumber   = "FERMILAB-PUB-07-661-T, DCPT-07-90, IPPP-07-45",
      SLACcitation   = "%%CITATION = ARXIV:0712.3913;%%"
}

@article{Lonnblad:1992tz,
      author         = "L{\"o}nnblad, Leif",
      title          = "{ARIADNE version 4: A Program for simulation of QCD
                        cascades implementing the color dipole model}",
      journal        = "Comput. Phys. Commun.",
      volume         = "71",
      year           = "1992",
      pages          = "15-31",
      doi            = "10.1016/0010-4655(92)90068-A",
      reportNumber   = "DESY-92-046",
      SLACcitation   = "%%CITATION = CPHCB,71,15;%%"
}

@article{Catani:1990rr,
      author         = "Catani, S. and Webber, B. R. and Marchesini, G.",
      title          = "{QCD coherent branching and semiinclusive processes at
                        large x}",
      journal        = "Nucl. Phys.",
      volume         = "B349",
      year           = "1991",
      pages          = "635-654",
      doi            = "10.1016/0550-3213(91)90390-J",
      reportNumber   = "CAVENDISH-HEP-90-11, UPRF-90-280",
      SLACcitation   = "%%CITATION = NUPHA,B349,635;%%"
}

@Article{Gieseke:2003rz,
     author    = "Gieseke, Stefan and Stephens, Philip and Webber, Bryan",
     title     = "{N}ew {F}ormalism for {QCD} {P}arton {S}howers",
     journal   = "JHEP",
     volume    = "12",
     year      = "2003",
     pages     = "045",
     eprint    = "hep-ph/0310083",
     SLACcitation  = "%%CITATION = HEP-PH 0310083;%%"
}

@Article{Platzer:2009jq,
     author    = "Pl{\"a}tzer, Simon and Gieseke, Stefan",
     title     = "{Coherent Parton Showers with Local Recoils}",
     journal   = "JHEP",
     volume    = "01",
     year      = "2011",
     pages     = "024",
     eprint    = "0909.5593",
     archivePrefix = "arXiv",
     primaryClass  =  "hep-ph",
     doi       = "10.1007/JHEP01(2011)024",
     SLACcitation  = "%%CITATION = 0909.5593;%%"
}

@article{Platzer:2011bc,
      author         = "Pl{\"a}tzer, Simon and Gieseke, Stefan",
      title          = "{Dipole Showers and Automated NLO Matching in Herwig++}",
      journal        = "Eur. Phys. J.",
      volume         = "C72",
      year           = "2012",
      pages          = "2187",
      doi            = "10.1140/epjc/s10052-012-2187-7",
      eprint         = "1109.6256",
      archivePrefix  = "arXiv",
      primaryClass   = "hep-ph",
      reportNumber   = "DESY-11-162, KA-TP-24-2011, HERWIG-11-01, MCNET-11-24",
      SLACcitation   = "%%CITATION = ARXIV:1109.6256;%%"
}

@article{Bellm:2015jjp,
      author         = "Bellm, Johannes and others",
      title          = "{Herwig 7.0 / Herwig++ 3.0 Release Note}",
      year           = "2015",
      eprint         = "1512.01178",
      archivePrefix  = "arXiv",
      primaryClass   = "hep-ph",
      reportNumber   = "CERN-PH-TH-2015-289, MAN-HEP-2015-15, IFJPAN-IV-2015-13,
                        HERWIG-2015-01, KA-TP-18-2015, DCPT-15-142, MCNET-15-28,
                        IPPP-15-71",
      SLACcitation   = "%%CITATION = ARXIV:1512.01178;%%"
}

@article{Nagy:2015hwa,
      author         = "Nagy, Zoltan and Soper, Davison E.",
      title          = "{Effects of subleading color in a parton shower}",
      journal        = "JHEP",
      volume         = "07",
      year           = "2015",
      pages          = "119",
      doi            = "10.1007/JHEP07(2015)119",
      eprint         = "1501.00778",
      archivePrefix  = "arXiv",
      primaryClass   = "hep-ph",
      reportNumber   = "DESY-14-250",
      SLACcitation   = "%%CITATION = ARXIV:1501.00778;%%"
}

@article{Nagy:2014mqa,
      author         = "Nagy, Zoltan and Soper, Davison E.",
      title          = "{A parton shower based on factorization of the quantum
                        density matrix}",
      journal        = "JHEP",
      volume         = "06",
      year           = "2014",
      pages          = "097",
      doi            = "10.1007/JHEP06(2014)097",
      eprint         = "1401.6364",
      archivePrefix  = "arXiv",
      primaryClass   = "hep-ph",
      reportNumber   = "DESY-13-241",
      SLACcitation   = "%%CITATION = ARXIV:1401.6364;%%"
}

@article{Nagy:2014oqa,
      author         = "Nagy, Zoltán and Soper, Davison E.",
      title          = "{Parton distribution functions in the context of parton
                        showers}",
      journal        = "JHEP",
      volume         = "06",
      year           = "2014",
      pages          = "179",
      doi            = "10.1007/JHEP06(2014)179",
      eprint         = "1401.6368",
      archivePrefix  = "arXiv",
      primaryClass   = "hep-ph",
      reportNumber   = "DESY-13-240",
      SLACcitation   = "%%CITATION = ARXIV:1401.6368;%%"
}

@article{Nagy:2014nqa,
      author         = "Nagy, Zoltan and Soper, Davison E.",
      title          = "{Ordering variable for parton showers}",
      journal        = "JHEP",
      volume         = "06",
      year           = "2014",
      pages          = "178",
      doi            = "10.1007/JHEP06(2014)178",
      eprint         = "1401.6366",
      archivePrefix  = "arXiv",
      primaryClass   = "hep-ph",
      reportNumber   = "DESY-13-242",
      SLACcitation   = "%%CITATION = ARXIV:1401.6366;%%"
}

@article{Heister:2003aj,
      author         = "Heister, A. and others",
      title          = "{Studies of QCD at e+ e- centre-of-mass energies between 91-GeV and 209-GeV}",
      collaboration  = "ALEPH",
      journal        = "Eur. Phys. J.",
      volume         = "C35",
      year           = "2004",
      pages          = "457-486",
      doi            = "10.1140/epjc/s2004-01891-4",
      reportNumber   = "CERN-EP-2003-084",
      SLACcitation   = "%%CITATION = EPHJA,C35,457;%%"
}

@article{Buckley:2010ar,
      author         = "Buckley, Andy and Butterworth, Jonathan and L{\"o}nnblad,
                        Leif and Grellscheid, David and Hoeth, Hendrik and Monk,
                        James and Schulz, Holger and Siegert, Frank",
      title          = "{Rivet user manual}",
      journal        = "Comput. Phys. Commun.",
      volume         = "184",
      year           = "2013",
      pages          = "2803-2819",
      doi            = "10.1016/j.cpc.2013.05.021",
      eprint         = "1003.0694",
      archivePrefix  = "arXiv",
      primaryClass   = "hep-ph",
      reportNumber   = "MCNET-10-03",
      SLACcitation   = "%%CITATION = ARXIV:1003.0694;%%"
}

@article{Cacciari:2011ma,
      author         = "Cacciari, Matteo and Salam, Gavin P. and Soyez, Gregory",
      title          = "{FastJet User Manual}",
      journal        = "Eur. Phys. J.",
      volume         = "C72",
      year           = "2012",
      pages          = "1896",
      doi            = "10.1140/epjc/s10052-012-1896-2",
      eprint         = "1111.6097",
      archivePrefix  = "arXiv",
      primaryClass   = "hep-ph",
      reportNumber   = "CERN-PH-TH-2011-297",
      SLACcitation   = "%%CITATION = ARXIV:1111.6097;%%"
}

@article{Fox:1979ag,
      author         = "Fox, Geoffrey C. and Wolfram, Stephen",
      title          = "{A Model for Parton Showers in QCD}",
      journal        = "Nucl. Phys.",
      volume         = "B168",
      year           = "1980",
      pages          = "285",
      doi            = "10.1016/0550-3213(80)90111-X",
      reportNumber   = "CALT-68-755",
      SLACcitation   = "%%CITATION = NUPHA,B168,285;%%"
}


@article{Mazzanti:1980jj,
      author         = "Mazzanti, P. and Odorico, R.",
      title          = "{A Monte Carlo Program for {QCD} Event Simulation in $e^+
                        e^-$ Annihilation at {LEP} Energies}",
      journal        = "Z. Phys.",
      volume         = "C7",
      year           = "1980",
      pages          = "61",
      doi            = "10.1007/BF01577322",
      reportNumber   = "IFUB 80/13",
      SLACcitation   = "%%CITATION = ZEPYA,C7,61;%%"
}


@article{Field:1982dg,
      author         = "Field, Richard D. and Wolfram, Stephen",
      title          = "{A QCD Model for e+ e- Annihilation}",
      journal        = "Nucl. Phys.",
      volume         = "B213",
      year           = "1983",
      pages          = "65",
      doi            = "10.1016/0550-3213(83)90175-X",
      reportNumber   = "UFTP-82-12, CALT-68-909",
      SLACcitation   = "%%CITATION = NUPHA,B213,65;%%"
}


@article{Gottschalk:1982yt,
      author         = "Gottschalk, Thomas D.",
      title          = "{A Realistic Model for e+ e- Annihilation Including
                        Parton Bremsstrahlung Effects}",
      journal        = "Nucl. Phys.",
      volume         = "B214",
      year           = "1983",
      pages          = "201",
      doi            = "10.1016/0550-3213(83)90658-2",
      reportNumber   = "CALT-68-946",
      SLACcitation   = "%%CITATION = NUPHA,B214,201;%%"
}


@article{Marchesini:1983bm,
      author         = "Marchesini, G. and Webber, B. R.",
      title          = "{Simulation of QCD Jets Including Soft Gluon
                        Interference}",
      journal        = "Nucl. Phys.",
      volume         = "B238",
      year           = "1984",
      pages          = "1",
      doi            = "10.1016/0550-3213(84)90463-2",
      reportNumber   = "CERN-TH-3525",
      SLACcitation   = "%%CITATION = NUPHA,B238,1;%%"
}


@article{Field:1982vz,
      author         = "Field, R. D. and Fox, G. C. and Kelly, R. L.",
      title          = "{Gluon Bremsstrahlung Effects in Hadron - Hadron
                        Collisions}",
      journal        = "Phys. Lett.",
      volume         = "B119",
      year           = "1982",
      pages          = "439",
      doi            = "10.1016/0370-2693(82)90708-0",
      reportNumber   = "UFTP-26-82",
      SLACcitation   = "%%CITATION = PHLTA,B119,439;%%"
}


@article{Odorico:1983yf,
      author         = "Odorico, R.",
      title          = "{Cojets: A Monte Carlo Program Simulating QCD in Hadronic
                        Production of Jets and Heavy Flavors with Inclusion of
                        Initial QCD Bremsstrahlung}",
      journal        = "Comput. Phys. Commun.",
      volume         = "32",
      year           = "1984",
      pages          = "139",
      doi            = "10.1016/0010-4655(84)90067-5",
      reportNumber   = "CERN-TH-3760",
      SLACcitation   = "%%CITATION = CPHCB,32,139;%%"
}


@article{Sjostrand:1985xi,
      author         = "Sj{\"o}strand, Torbj{\"o}rn",
      title          = "{A Model for Initial State Parton Showers}",
      journal        = "Phys. Lett.",
      volume         = "B157",
      year           = "1985",
      pages          = "321",
      doi            = "10.1016/0370-2693(85)90674-4",
      reportNumber   = "FERMILAB-PUB-85-023-T",
      SLACcitation   = "%%CITATION = PHLTA,B157,321;%%"
}


@article{Ellis:1986bv,
      author         = "Ellis, R. Keith and Marchesini, G. and Webber, B. R.",
      title          = "{Soft Radiation in Parton Parton Scattering}",
      journal        = "Nucl. Phys.",
      volume         = "B286",
      year           = "1987",
      pages          = "643",
      doi            = "10.1016/0550-3213(87)90456-1",
      note           = "[Erratum: Nucl. Phys.B294,1180(1987)]",
      reportNumber   = "FERMILAB-PUB-86-141-T",
      SLACcitation   = "%%CITATION = NUPHA,B286,643;%%"
}


@article{Marchesini:1987cf,
      author         = "Marchesini, G. and Webber, B. R.",
      title          = "{Monte Carlo Simulation of General Hard Processes with
                        Coherent QCD Radiation}",
      journal        = "Nucl. Phys.",
      volume         = "B310",
      year           = "1988",
      pages          = "461",
      doi            = "10.1016/0550-3213(88)90089-2",
      reportNumber   = "CAVENDISH-HEP-87-8, UPRF-87-212",
      SLACcitation   = "%%CITATION = NUPHA,B310,461;%%"
}


@article{Frixione:2002ik,
      author         = "Frixione, Stefano and Webber, Bryan R.",
      title          = "{Matching NLO QCD computations and parton shower
                        simulations}",
      journal        = "JHEP",
      volume         = "06",
      year           = "2002",
      pages          = "029",
      doi            = "10.1088/1126-6708/2002/06/029",
      eprint         = "hep-ph/0204244",
      archivePrefix  = "arXiv",
      primaryClass   = "hep-ph",
      reportNumber   = "CAVENDISH-HEP-02-01, LAPTH-905-02, GEF-TH-2-2002",
      SLACcitation   = "%%CITATION = HEP-PH/0204244;%%"
}


@article{Nason:2004rx,
      author         = "Nason, Paolo",
      title          = "{A New method for combining NLO QCD with shower Monte
                        Carlo algorithms}",
      journal        = "JHEP",
      volume         = "11",
      year           = "2004",
      pages          = "040",
      doi            = "10.1088/1126-6708/2004/11/040",
      eprint         = "hep-ph/0409146",
      archivePrefix  = "arXiv",
      primaryClass   = "hep-ph",
      reportNumber   = "BICOCCA-FT-04-11",
      SLACcitation   = "%%CITATION = HEP-PH/0409146;%%"
}


@article{Frixione:2007vw,
      author         = "Frixione, Stefano and Nason, Paolo and Oleari, Carlo",
      title          = "{Matching NLO QCD computations with Parton Shower
                        simulations: the POWHEG method}",
      journal        = "JHEP",
      volume         = "11",
      year           = "2007",
      pages          = "070",
      doi            = "10.1088/1126-6708/2007/11/070",
      eprint         = "0709.2092",
      archivePrefix  = "arXiv",
      primaryClass   = "hep-ph",
      reportNumber   = "BICOCCA-FT-07-9, GEF-TH-21-2007",
      SLACcitation   = "%%CITATION = ARXIV:0709.2092;%%"
}


@article{Lavesson:2008ah,
      author         = "Lavesson, Nils and L{\"o}nnblad, Leif",
      title          = "{Extending CKKW-merging to One-Loop Matrix Elements}",
      journal        = "JHEP",
      volume         = "12",
      year           = "2008",
      pages          = "070",
      doi            = "10.1088/1126-6708/2008/12/070",
      eprint         = "0811.2912",
      archivePrefix  = "arXiv",
      primaryClass   = "hep-ph",
      reportNumber   = "LU-TP-08-20, MCNET-08-13",
      SLACcitation   = "%%CITATION = ARXIV:0811.2912;%%"
}


@article{Hoeche:2011fd,
      author         = "H{\"o}che, Stefan and Krauss, Frank and Sch{\"o}nherr, Marek and
                        Siegert, Frank",
      title          = "{A critical appraisal of NLO+PS matching methods}",
      journal        = "JHEP",
      volume         = "09",
      year           = "2012",
      pages          = "049",
      doi            = "10.1007/JHEP09(2012)049",
      eprint         = "1111.1220",
      archivePrefix  = "arXiv",
      primaryClass   = "hep-ph",
      reportNumber   = "SLAC-PUB-14661, IPPP-11-67, DCPT-11-134, LPN11-58,
                        FR-PHENO-2011-019, MCNET-11-24",
      SLACcitation   = "%%CITATION = ARXIV:1111.1220;%%"
}


@article{Hamilton:2013fea,
      author         = "Hamilton, Keith and Nason, Paolo and Re, Emanuele and
                        Zanderighi, Giulia",
      title          = "{NNLOPS simulation of Higgs boson production}",
      journal        = "JHEP",
      volume         = "10",
      year           = "2013",
      pages          = "222",
      doi            = "10.1007/JHEP10(2013)222",
      eprint         = "1309.0017",
      archivePrefix  = "arXiv",
      primaryClass   = "hep-ph",
      reportNumber   = "MCNET-13-11, CERN-PH-TH-2013-205, OUTP-13-18P",
      SLACcitation   = "%%CITATION = ARXIV:1309.0017;%%"
}


@article{Hoeche:2014aia,
      author         = "H{\"o}che, Stefan and Li, Ye and Prestel, Stefan",
      title          = "{Drell-Yan lepton pair production at NNLO QCD with parton
                        showers}",
      journal        = "Phys. Rev.",
      volume         = "D91",
      year           = "2015",
      number         = "7",
      pages          = "074015",
      doi            = "10.1103/PhysRevD.91.074015",
      eprint         = "1405.3607",
      archivePrefix  = "arXiv",
      primaryClass   = "hep-ph",
      reportNumber   = "SLAC-PUB-15961, DESY-14-073, MCNET-14-10",
      SLACcitation   = "%%CITATION = ARXIV:1405.3607;%%"
}


@article{Alioli:2013hqa,
      author         = "Alioli, Simone and Bauer, Christian W. and Berggren,
                        Calvin and Tackmann, Frank J. and Walsh, Jonathan R. and
                        Zuberi, Saba",
      title          = "{Matching Fully Differential NNLO Calculations and Parton
                        Showers}",
      journal        = "JHEP",
      volume         = "06",
      year           = "2014",
      pages          = "089",
      doi            = "10.1007/JHEP06(2014)089",
      eprint         = "1311.0286",
      archivePrefix  = "arXiv",
      primaryClass   = "hep-ph",
      reportNumber   = "DESY-13-194",
      SLACcitation   = "%%CITATION = ARXIV:1311.0286;%%"
}


@article{Giele:2007di,
      author         = "Giele, Walter T. and Kosower, David A. and Skands, Peter
                        Z.",
      title          = "{A simple shower and matching algorithm}",
      journal        = "Phys. Rev.",
      volume         = "D78",
      year           = "2008",
      pages          = "014026",
      doi            = "10.1103/PhysRevD.78.014026",
      eprint         = "0707.3652",
      archivePrefix  = "arXiv",
      primaryClass   = "hep-ph",
      reportNumber   = "FERMILAB-PUB-07-160-T, SACLAY-SPHT-T07-107",
      SLACcitation   = "%%CITATION = ARXIV:0707.3652;%%"
}


@article{Giele:2011cb,
      author         = "Giele, W. T. and Kosower, D. A. and Skands, P. Z.",
      title          = "{Higher-Order Corrections to Timelike Jets}",
      journal        = "Phys. Rev.",
      volume         = "D84",
      year           = "2011",
      pages          = "054003",
      doi            = "10.1103/PhysRevD.84.054003",
      eprint         = "1102.2126",
      archivePrefix  = "arXiv",
      primaryClass   = "hep-ph",
      reportNumber   = "FERMILAB-PUB-10-515-T, CERN-PH-TH-2010-283,
                        SACLAY-IPHT-T10-196, MCNET-11-05, --MCNET-11-05",
      SLACcitation   = "%%CITATION = ARXIV:1102.2126;%%"
}